<?xml version="1.0" encoding="UTF-8"?><collection xmlns="http://www.loc.gov/MARC21/slim"><record><leader>00472nam--2200133-i-4500</leader><controlfield tag="001">000010327</controlfield><controlfield tag="002">20161230</controlfield><controlfield tag="005">20161230201028</controlfield><controlfield tag="008">060222s1000------------r-----000-0-eng-d</controlfield><datafield ind1=" " ind2=" " tag="080"><subfield code="a">53(058:439.1):061.62(058:439.1)</subfield></datafield><datafield ind1=" " ind2=" " tag="245"><subfield code="a">Central research institute for physics of the hungarian academy of sciences 1971, 1972, 1973, 1974, 1975, 1976, 1977, 1978 1979-1980</subfield></datafield><datafield ind1=" " ind2=" " tag="260"><subfield code="a">Budapest, Central Research Institute For Physi Cs, 1971 -</subfield></datafield><datafield ind1=" " ind2=" " tag="700"><subfield code="a">Keszthelyi, L</subfield></datafield><datafield ind1=" " ind2=" " tag="852"><subfield code="a">37630</subfield></datafield></record></collection>